<record><leader>00000cas a2200000 a 4500</leader><controlfield tag="001">26272573</controlfield><controlfield tag="008">920728d18501852nyuwr ne      0    0eng c</controlfield><datafield ind1=" " ind2=" " tag="010"><subfield code="a">sn 92062029 </subfield></datafield><datafield ind1=" " ind2=" " tag="040"><subfield code="a">NYS</subfield><subfield code="b">eng</subfield><subfield code="c">NYS</subfield><subfield code="d">OCL</subfield><subfield code="d">NYS</subfield><subfield code="d">OCLCQ</subfield><subfield code="d">OCLCF</subfield><subfield code="d">OCLCO</subfield></datafield><datafield ind1=" " ind2=" " tag="042"><subfield code="a">pcc</subfield></datafield><datafield ind1=" " ind2=" " tag="043"><subfield code="a">n-us-ny</subfield></datafield><datafield ind1="0" ind2=" " tag="130"><subfield code="a">Cattaraugus chronicle (Gowanda, N.Y.)</subfield></datafield><datafield ind1="1" ind2="0" tag="245"><subfield code="a">Cattaraugus chronicle.</subfield></datafield><datafield ind1=" " ind2=" " tag="260"><subfield code="a">Gowanda, N.Y. :</subfield><subfield code="b">H.M. Morgan,</subfield><subfield code="c">1850-1852.</subfield></datafield><datafield ind1=" " ind2=" " tag="300"><subfield code="a">2 v.</subfield></datafield><datafield ind1=" " ind2=" " tag="310"><subfield code="a">Weekly</subfield></datafield><datafield ind1="0" ind2=" " tag="362"><subfield code="a">Vol. 1, no. 1 (Oct. 31, 1850)-v. 2, no. 86 (June 19, 1852).</subfield></datafield><datafield ind1=" " ind2=" " tag="500"><subfield code="a">Publishers: H.P. Morgan, &lt;1850&gt;; Fairfax Elliott, &lt;1880&gt;.</subfield></datafield><datafield ind1=" " ind2="0" tag="651"><subfield code="a">Gowanda (N.Y.)</subfield><subfield code="v">Newspapers.</subfield></datafield><datafield ind1=" " ind2="0" tag="651"><subfield code="a">Cattaraugus County (N.Y.)</subfield><subfield code="v">Newspapers.</subfield></datafield><datafield ind1=" " ind2="0" tag="651"><subfield code="a">Erie County (N.Y.)</subfield><subfield code="v">Newspapers.</subfield></datafield><datafield ind1=" " ind2="7" tag="655"><subfield code="a">Newspapers.</subfield><subfield code="2">fast</subfield><subfield code="0">(OCoLC)fst01423814</subfield></datafield><datafield ind1=" " ind2="7" tag="651"><subfield code="a">New York (State)</subfield><subfield code="z">Cattaraugus County.</subfield><subfield code="2">fast</subfield><subfield code="0">(OCoLC)fst01207027</subfield></datafield><datafield ind1=" " ind2="7" tag="651"><subfield code="a">New York (State)</subfield><subfield code="z">Erie County.</subfield><subfield code="2">fast</subfield><subfield code="0">(OCoLC)fst01202692</subfield></datafield><datafield ind1=" " ind2="7" tag="651"><subfield code="a">New York (State)</subfield><subfield code="z">Gowanda.</subfield><subfield code="2">fast</subfield><subfield code="0">(OCoLC)fst01227090</subfield></datafield><datafield ind1=" " ind2=" " tag="752"><subfield code="a">United States</subfield><subfield code="b">New York</subfield><subfield code="c">Cattaraugus</subfield><subfield code="d">Gowanda.</subfield></datafield><datafield ind1=" " ind2=" " tag="752"><subfield code="a">United States</subfield><subfield code="b">New York</subfield><subfield code="c">Erie</subfield><subfield code="d">Gowanda.</subfield></datafield><datafield ind1="0" ind2="0" tag="785"><subfield code="t">Independent chronicle (Gowanda, N.Y.)</subfield><subfield code="w">(DLC)sn 92062030</subfield><subfield code="w">(OCoLC)26272714</subfield></datafield></record>